<?xml version="1.0" encoding="UTF-8"?><record xmlns="http://www.loc.gov/MARC21/slim" xmlns:cinclude="http://apache.org/cocoon/include/1.0" xmlns:zs="http://www.loc.gov/zing/srw/">
  <leader>01214cz  a2200205n  4500</leader>
  <controlfield tag="001">n  83314915 </controlfield>
  <controlfield tag="003">DLC</controlfield>
  <controlfield tag="005">20120801081252.0</controlfield>
  <controlfield tag="008">840404n| acannaabn          |a ana      </controlfield>
  <datafield tag="010" ind1=" " ind2=" ">
    <subfield code="a">n  83314915 </subfield>
  </datafield>
  <datafield tag="035" ind1=" " ind2=" ">
    <subfield code="a">(OCoLC)oca01087582</subfield>
  </datafield>
  <datafield tag="040" ind1=" " ind2=" ">
    <subfield code="a">DLC</subfield>
    <subfield code="b">eng</subfield>
    <subfield code="c">DLC</subfield>
    <subfield code="d">DLC</subfield>
    <subfield code="d">DLC-S</subfield>
    <subfield code="d">OCoLC</subfield>
    <subfield code="d">DLC</subfield>
  </datafield>
  <datafield tag="111" ind1="2" ind2=" ">
    <subfield code="a">International Symposium on Electron, Ion, and Photon Beams</subfield>
  </datafield>
  <datafield tag="411" ind1="2" ind2=" ">
    <subfield code="a">Electron, Ion, and Photon Beams, International Symposium on</subfield>
  </datafield>
  <datafield tag="411" ind1="2" ind2=" ">
    <subfield code="a">Symposium on Electron, Ion, and Photon Beams, International</subfield>
  </datafield>
  <datafield tag="511" ind1="2" ind2=" ">
    <subfield code="w">b</subfield>
    <subfield code="a">International Conference on Electron, Ion, and Photon Beam Technology and Nanofabrication</subfield>
  </datafield>
  <datafield tag="667" ind1=" " ind2=" ">
    <subfield code="a">THIS 1XX FIELD CANNOT BE USED UNDER RDA UNTIL THIS RECORD HAS BEEN REVIEWED AND/OR UPDATED</subfield>
  </datafield>
  <datafield tag="670" ind1=" " ind2=" ">
    <subfield code="a">Its Proceedings ... 1983:</subfield>
    <subfield code="b">t.p. (International Symposium on Electron, Ion, and Photon Beams, 31 May-3 June 1983, Westin Bonaventure Hotel, Los Angeles, Calif.)</subfield>
  </datafield>
  <datafield tag="670" ind1=" " ind2=" ">
    <subfield code="a">Its (2nd : 1984 : Tarrytown, N.Y.). Proceedings ... 1985:</subfield>
    <subfield code="b">t.p. (1984 International Symposium on Electron, Ion, and Photon Beams, 5/29-6/1/84, Tarrytown, N.Y.) pref. (2nd meeting)</subfield>
  </datafield>
  <datafield tag="675" ind1=" " ind2=" ">
    <subfield code="a">Papers from the ... International Conference on Electron, Ion, and Photon Beam Technology and Nanofabrication, 1998</subfield>
  </datafield>
</record>